<?xml version="1.0" encoding="UTF-8"?><record xmlns="http://www.loc.gov/MARC21/slim" xmlns:cinclude="http://apache.org/cocoon/include/1.0" xmlns:zs="http://www.loc.gov/zing/srw/">
  <leader>00647nz  a2200145n  4500</leader>
  <controlfield tag="001">no2011041476</controlfield>
  <controlfield tag="003">DLC</controlfield>
  <controlfield tag="005">20110318075334.0</controlfield>
  <controlfield tag="008">110316n| acannaabn          |a aaa     c</controlfield>
  <datafield tag="010" ind1=" " ind2=" ">
    <subfield code="a">no2011041476</subfield>
  </datafield>
  <datafield tag="035" ind1=" " ind2=" ">
    <subfield code="a">(OCoLC)oca08798867</subfield>
  </datafield>
  <datafield tag="040" ind1=" " ind2=" ">
    <subfield code="a">PE-LiPUB</subfield>
    <subfield code="b">eng</subfield>
    <subfield code="c">PE-LiPUB</subfield>
  </datafield>
  <datafield tag="100" ind1="1" ind2=" ">
    <subfield code="a">Retamozo Martínez, Ludwig Benito</subfield>
  </datafield>
  <datafield tag="400" ind1="1" ind2=" ">
    <subfield code="a">Martínez, Ludwig Benito Retamozo</subfield>
  </datafield>
  <datafield tag="670" ind1=" " ind2=" ">
    <subfield code="a">Disen̋o estructural de un edificio de viviendas de dos sótanos y cinco pisos, ubicado en San Isidro - Lima, 2011:</subfield>
    <subfield code="b">t.p. (Ludwig Benito Retamozo Martínez; Pontificia Universidad Católica del Perú. Facultad de Ciencias e Ingeniería; Licenciado en Ingeniería Civil)</subfield>
  </datafield>
</record>